%% This BibTeX bibliography file was created using BibDesk.
%% http://bibdesk.sourceforge.net/


%% Created for Johannes Haux at 2015-03-31 15:51:17 +0200 


%% Saved with string encoding Unicode (UTF-8) 



@article{fp75,
	Author = { Lendermann, V. },
	Journal = {FP},
	Title = {Computeransteuerung und {D}atenverarbeitung ({V}ibrating {R}eed)},
	Year = {2006}}
